@incollection{typescriptpaper,
  year={2014},
  isbn={978-3-662-44201-2},
  booktitle={ECOOP 2014 – Object-Oriented Programming},
  volume={8586},
  series={Lecture Notes in Computer Science},
  editor={Jones, Richard},
  doi={10.1007/978-3-662-44202-9_11},
  title={Understanding TypeScript},
  url={http://dx.doi.org/10.1007/978-3-662-44202-9_11},
  publisher={Springer Berlin Heidelberg},
  author={Bierman, Gavin and Abadi, Martín and Torgersen, Mads},
  pages={257-281},
  language={English}
}

@inproceedings{spoofaxpaper,
  title={The {Spoofax} Language Workbench. {Rules} for Declarative Specification of Languages and {IDEs}},
  author={Lennart C. L. Kats and Eelco Visser},
  year={2010},
  doi={http://dx.doi.org/10.1145/1869459.1869497},
  researchr={http://researchr.org/publication/KatsVisser2010},
  pages={444-463},
  booktitle={Proceedings of the 25th Annual ACM SIGPLAN Conference on Object-Oriented Programming, Systems, Languages, and Applications, OOPSLA 2010, October 17-21, 2010, Reno, NV, USA},
  editor={Martin Rinard},
}

@article{turingpaper,
  title={The Turing programming language},
  author={Holt, Richard C and Cordy, James R},
  journal={Communications of the ACM},
  volume={31},
  number={12},
  pages={1410--1423},
  year={1988},
  publisher={ACM}
}

@inproceedings{rascalpaper,
  title={Rascal: A domain specific language for source code analysis and manipulation},
  author={Klint, Paul and Van Der Storm, Tijs and Vinju, Jurgen},
  booktitle={Source Code Analysis and Manipulation, 2009. SCAM'09. Ninth IEEE International Working Conference on},
  pages={168--177},
  year={2009},
  organization={IEEE}
}

@article{juliapaper,
  title={Julia: A fast dynamic language for technical computing},
  author={Bezanson, Jeff and Karpinski, Stefan and Shah, Viral B and Edelman, Alan},
  journal={arXiv preprint arXiv:1209.5145},
  year={2012}
}

@article{schemesyntaxpaper,
  title={Syntactic abstraction in Scheme},
  author={Dybvig, R Kent and Hieb, Robert and Bruggeman, Carl},
  journal={Lisp and symbolic computation},
  volume={5},
  number={4},
  pages={295--326},
  year={1993},
  publisher={Springer}
}

@article{schemebook,
  title={The Scheme Programming Language},
  author={Dybvig, R Kent},
  year={2009},
  publisher={The MIT Press}
}

@incollection{aspectpaper,
  year={1997},
  isbn={978-3-540-63089-0},
  booktitle={ECOOP'97 — Object-Oriented Programming},
  volume={1241},
  series={Lecture Notes in Computer Science},
  editor={Akşit, Mehmet and Matsuoka, Satoshi},
  doi={10.1007/BFb0053381},
  title={Aspect-oriented programming},
  url={http://dx.doi.org/10.1007/BFb0053381},
  publisher={Springer Berlin Heidelberg},
  author={Kiczales, Gregor and Lamping, John and Mendhekar, Anurag and Maeda, Chris and Lopes, Cristina and Loingtier, Jean-Marc and Irwin, John},
  pages={220-242},
  language={English}
}

@misc{pythonweb,
  title={The Python Language Reference},
  howpublished={\url{https://docs.python.org/3/reference/}},
  note={Accessed: 2015-10-29}
}

@book{ansic,
  title={The C programming language},
  author={Kernighan, Brian W and Ritchie, Dennis M and Ejeklint, Per},
  volume={2},
  year={1988},
  publisher={prentice-Hall Englewood Cliffs}
}

@misc{cpython,
  title={Welcome to Python.org},
  howpublished={\url{https://www.python.org/}},
  note={Accessed: 2015-10-29}
}

@misc{clangweb,
  title={"clang" C Language Family Frontend for LLVM},
  howpublished={\url{http://clang.llvm.org/}},
  note={Accessed: 2015-10-29}
}

@misc{mypyweb,
  title={mypy - Optional Static Typing for Python},
  howpublished={\url{http://mypy-lang.org/}},
  note={Accessed: 2015-10-29}
}

@misc{typescriptweb,
  title={Welcome to TypeScript},
  howpublished={\url{http://www.typescriptlang.org/}},
  note={Accessed: 2015-10-29}
}

@misc{ecmascript,
  title={ECMAScript Language Specification},
  author={ECMAScript, ECMA and European Computer Manufacturers Association and others},
  year={2011}
}

@misc{pythonfuncannot,
  title={PEP 3107 -- Function Annotations},
  howpublished={\url{https://www.python.org/dev/peps/pep-3107/}},
  note={Accessed: 2015-10-29},
}

@misc{spoofaxweb,
  title={The Spoofax Message Workbench},
  howpublished={\url{http://metaborg.org/spoofax/}},
  note={Accessed: 2015-10-29},
}

@misc{strategoweb,
  title={Stratego Program Transformation Language},
  howpublished={\url{http://strategoxt.org/}},
  note={Accessed: 2015-10-29},
}

@article{txlpaper,
  title={TXL: A rapid prototyping system for programming language dialects},
  author={Cordy, James R and Halpern-Hamu, Charles D and Promislow, Eric},
  journal={Computer Languages},
  volume={16},
  number={1},
  pages={97--107},
  year={1991},
  publisher={Elsevier}
}

@misc{txlweb,
  title={TXL Home Page},
  howpublished={\url{http://www.txl.ca/}},
  note={Accessed: 2015-10-29},
}

@misc{rascalweb,
  title={Rascal MPL},
  howpublished={\url{http://www.rascal-mpl.org/}},
  note={Accessed: 2015-10-29},
}

@misc{juliaweb,
  title={The Julia Language},
  howpublished={\url{http://julialang.org/}},
  note={Accessed: 2015-10-29},
}

@misc{githublangs,
  title={Language Trends on GitHub},
  howpublished={\url{https://github.com/blog/2047-language-trends-on-github}},
  note={Accessed: 2016-03-03},
}

@inproceedings{hm-types-damas,
  title={Principal type-schemes for functional programs},
  author={Damas, Luis and Milner, Robin},
  booktitle={Proceedings of the 9th ACM SIGPLAN-SIGACT symposium on Principles of programming languages},
  pages={207--212},
  year={1982},
  organization={ACM}
}

@misc{golangweb,
  title={The Go Programming Language},
  howpublished={\url{https://golang.org}},
  note={Accessed: 2016-03-05},
}
